@MastersThesis{?,
author = {?},
title = {?},
school = {?},
year = {?},
OPTkey = {?},
OPTtype = {?},
OPTaddress = {?},
OPTmonth = {?},
OPTnote = {?},
OPTannote = {?}
}
@inproceedings{sack2009contribution,
  title={Contribution {\`a} l?{\'e}tude de la qualit{\'e} du logiciel},
  author={Sack, Pierre Marie Oum Oum},
  year={2009},
  organization={Universit{\'e} du Littoral C{\^o}te d?Opale}
}
@article{mordal2012analyse,
  title={Analyse et conception d?un mod{\`e}le de qualit{\'e} logicielle},
  author={Mordal, Karine},
  year={2012}
}
@article{iso2008,
title={Iso/iec 9001 management de la qualité},
author={ISO/IEC},
year={2008}
}
@article{deming1986principles,
  title={Principles for transformation},
  author={Deming, W Edwards},
  journal={Out of the Crisis},
  volume={18},
  pages={96},
  year={1986},
  publisher={MIT Press}
}
@book{crosby1979quality,
  title={Quality is free: The art of making quality certain},
  author={Crosby, Philip B},
  volume={94},
  year={1979},
  publisher={McGraw-hill New York}
}
@article{taguchi1980introduction,
  title={Introduction to Off-Line Quality Control (Nagoya, Central Japan Quality Control Association)},
  author={Taguchi, G and Wu, Y},
  journal={CRITICAL CORE SAND MIX PARAMETERS},
  year={1980}
}
@techreport{taguchi1986introduction,
  title={Introduction to quality engineering: designing quality into products and processes},
  author={Taguchi, Genichi},
  year={1986}
}
@techreport{taguchi1986introduction,
  title={Introduction to quality engineering: designing quality into products and processes},
  author={Taguchi, Genichi},
  year={1986}
}
@article{taguchi1980introduction,
  title={Introduction to Off-Line Quality Control, Central Japan Quality Control Association},
  author={Taguchi, G and Wu, Y},
  journal={Available from American Supplier Institute},
  volume={32100},
  year={1980}
}
@article{abran2004software,
  title={Software engineering body of knowledge},
  author={Abran, Alain and Moore, James W and Bourque, Pierre and Dupuis, Robert and Tripp, L},
  journal={IEEE Computer Society, Angela Burgess},
  year={2004}
}
@article{iso1994,
title={Iso/iec 8402 management de la qualité et assurance de la qualité},
author={ISO/IEC},
year={1994}
}
@article{iso2001,
title={Iso/iec 9126-1 software engineering -product quality- part 1::Quality model},
author={ISO/IEC},
year={2001}
}
@article{mccall1977factors,
  title={Factors in software quality, volume I},
  author={McCall, JA and Richards, PG and Walters, GF},
  journal={NTIS Springfield},
  year={1977}
}
@inproceedings{marinescu2004quantifying,
  title={Quantifying the quality of object-oriented design: The factor-strategy model},
  author={Marinescu, Radu and Ratiu, Daniel},
  booktitle={11th Working Conference on Reverse Engineering},
  pages={192--201},
  year={2004},
  organization={IEEE}
}
@article{iso2003,
title={Iso/iec 9126-3 software engineering -product quality- part 3 :
Internal metrics.},
author={ISO/IEC},
year={2003}
}
@article{iso2005,
title={Iso/iec 25000 :2005 software engineering -software product quality
requirement and evaluation.},
author={ISO/IEC},
year={2005}
}

@techreport{mccall1997richards,
  title={Richards and GF Walters, Factors in software quality.? Vol 1, 2 and 3. Springfield VA., NTIS},
  author={McCall, PK},
  year={1997},
  institution={AD/A-049-014/015/055}
}
@article{basili1994goal,
  title={The Goal Question Metric Approach. Encyclopedia of Software Engineering-2 Volume Set},
  author={Basili, Victor R and Caldiera, Gianluigi and Rombach, H Dieter},
  journal={Copyright by John Wiley \& Sons, Inc},
  pages={528--532},
  year={1994}
}
@article{fenton1999software,
  title={Software metrics: successes, failures and new directions},
  author={Fenton, Norman E and Neil, Martin},
  journal={Journal of Systems and Software},
  volume={47},
  number={2-3},
  pages={149--157},
  year={1999},
  publisher={Elsevier}
}
@article{hall1997implementing,
  title={Implementing effective software metrics programs},
  author={Hall, Tracy and Fenton, Norman},
  journal={IEEE software},
  volume={14},
  number={2},
  pages={55--65},
  year={1997},
  publisher={IEEE}
}
@misc{bache1995introducing,
  title={Introducing metrics into industry: a perspective on GQM In: Software Quality Assurance and Measurement-A Worldwide Perspective},
  author={Bache, R and Neil, M},
  year={1995},
  publisher={Edited by Norman Fenton, Robin Whitty, Yoshinori Iizuka. International~?}
}
@article{basili1996validation,
  title={A validation of object-oriented design metrics as quality indicators},
  author={Basili, Victor R and Briand, Lionel C. and Melo, Walc{\'e}lio L},
  journal={IEEE Transactions on software engineering},
  volume={22},
  number={10},
  pages={751--761},
  year={1996},
  publisher={IEEE}
}
@article{melton1990mathematical,
  title={A mathematical perspective for software measure research},
  author={Melton, Austin C and Gustafson, David A and Bieman, James M and Baker, Albert L},
  journal={Software Engineering Journal},
  volume={5},
  number={5},
  pages={246--254},
  year={1990},
  publisher={IET}
}
@article{fenton1994software,
  title={Software measurement: A necessary scientific basis},
  author={Fenton, Norman},
  journal={IEEE Transactions on software engineering},
  volume={20},
  number={3},
  pages={199--206},
  year={1994},
  publisher={IEEE}
}
@article{weyuker1988evaluating,
  title={Evaluating software complexity measures},
  author={Weyuker, Elaine J},
  journal={IEEE transactions on Software Engineering},
  volume={14},
  number={9},
  pages={1357--1365},
  year={1988},
  publisher={IEEE}
}
@article{briand1996property,
  title={Property-based software engineering measurement},
  author={Briand, Lionel C and Morasca, Sandro and Basili, Victor R},
  journal={IEEE transactions on software Engineering},
  volume={22},
  number={1},
  pages={68--86},
  year={1996},
  publisher={IEEE}
}
@article{zuse1989software,
  title={Software metrics: using measurement theory to describe the properties and scales of static software complexity metrics},
  author={Zuse, Horst and Bollmann, Peter},
  journal={ACM Sigplan Notices},
  volume={24},
  number={8},
  pages={23--33},
  year={1989},
  publisher={ACM}
}
@incollection{zuse1992measurement,
  title={Measurement theory and software measures},
  author={Zuse, Horst and Bollmann-Sdorra, Peter},
  booktitle={Formal Aspects of Measurement},
  pages={219--259},
  year={1992},
  publisher={Springer}
}
@article{briand1995theoretical,
  title={Theoretical and empirical validation of software product measures},
  author={Briand, Lionel and El Emam, Khaled and Morasca, Sandro},
  journal={International Software Engineering Research Network, Technical Report ISERN-95-03},
  year={1995}
}
@article{kitchenham1995towards,
  title={Towards a framework for software measurement validation},
  author={Kitchenham, Barbara and Pfleeger, Shari Lawrence and Fenton, Norman},
  journal={IEEE Transactions on software Engineering},
  volume={21},
  number={12},
  pages={929--944},
  year={1995},
  publisher={IEEE}
}
@article{schneidewind1992methodology,
  title={Methodology for validating software metrics},
  author={Schneidewind, Norman F.},
  journal={IEEE Transactions on software engineering},
  volume={18},
  number={5},
  pages={410--422},
  year={1992},
  publisher={IEEE}
}
@article{chidamber1994metrics,
  title={A metrics suite for object oriented design},
  author={Chidamber, Shyam R and Kemerer, Chris F},
  journal={IEEE Transactions on software engineering},
  volume={20},
  number={6},
  pages={476--493},
  year={1994},
  publisher={IEEE}
}
@article{briand1998unified,
  title={A unified framework for cohesion measurement in object-oriented systems},
  author={Briand, Lionel C and Daly, John W and W{\"u}st, J{\"u}rgen},
  journal={Empirical Software Engineering},
  volume={3},
  number={1},
  pages={65--117},
  year={1998},
  publisher={Springer}
}
@article{briand1999unified,
  title={A unified framework for coupling measurement in object-oriented systems},
  author={Briand, Lionel C. and Daly, John W. and Wust, Jurgen K},
  journal={IEEE Transactions on software Engineering},
  volume={25},
  number={1},
  pages={91--121},
  year={1999},
  publisher={IEEE}
}
@article{basili1996validation,
  title={A validation of object-oriented design metrics as quality indicators},
  author={Basili, Victor R and Briand, Lionel C. and Melo, Walc{\'e}lio L},
  journal={IEEE Transactions on software engineering},
  volume={22},
  number={10},
  pages={751--761},
  year={1996},
  publisher={IEEE}
}
@book{zuse2013framework,
  title={A framework of software measurement},
  author={Zuse, Horst},
  year={2013},
  publisher={Walter de Gruyter}
}
@inproceedings{e1996evaluating,
  title={Evaluating the impact of object-oriented design on software quality},
  author={e Abreu, F Brito and Melo, Walcelio},
  booktitle={Proceedings of the 3rd international software metrics symposium},
  pages={90--99},
  year={1996},
  organization={IEEE}
}
@book{halstead1977elements,
  title={Elements of software science},
  author={Halstead, Maurice Howard and others},
  volume={7},
  year={1977},
  publisher={Elsevier New York}
}
@article{mccabe1976complexity,
  title={A complexity measure},
  author={McCabe, Thomas J},
  journal={IEEE Transactions on software Engineering},
  number={4},
  pages={308--320},
  year={1976},
  publisher={IEEE}
}
@article{mccabe1989design,
  title={Design complexity measurement and testing},
  author={McCabe, Thomas J and Butler, Charles W},
  journal={Communications of the ACM},
  volume={32},
  number={12},
  pages={1415--1425},
  year={1989},
  publisher={ACM}
}
@inproceedings{shepperd1991algebraic,
  title={Algebraic validation of software metrics},
  author={Shepperd, Martin and Ince, Darrel},
  booktitle={European Software Engineering Conference},
  pages={343--363},
  year={1991},
  organization={Springer}
}
@article{henderson1996mathematical,
  title={The mathematical validity of software metrics},
  author={Henderson-Sellers, B},
  journal={ACM SIGSOFT Software Engineering Notes},
  volume={21},
  number={5},
  pages={89--94},
  year={1996},
  publisher={ACM}
}
@book{halstead1977elements,
  title={Elements of software science},
  author={Halstead, Maurice Howard and others},
  volume={7},
  year={1977},
  publisher={Elsevier New York}
}
@article{schneidewind1992methodology,
  title={Methodology for validating software metrics},
  author={Schneidewind, Norman F.},
  journal={IEEE Transactions on software engineering},
  volume={18},
  number={5},
  pages={410--422},
  year={1992},
  publisher={IEEE}
}
@inproceedings{shepperd1991algebraic,
  title={Algebraic validation of software metrics},
  author={Shepperd, Martin and Ince, Darrel},
  booktitle={European Software Engineering Conference},
  pages={343--363},
  year={1991},
  organization={Springer}
}
@article{henderson1996mathematical,
  title={The mathematical validity of software metrics},
  author={Henderson-Sellers, B},
  journal={ACM SIGSOFT Software Engineering Notes},
  volume={21},
  number={5},
  pages={89--94},
  year={1996},
  publisher={ACM}
}
@incollection{halstead1977elements,
  title={Elements of software science ser. Elsevier Computer Science Library},
  author={Halstead, M},
  booktitle={Operating And Programming Systems Series},
  volume={2},
  year={1977},
  publisher={Elsevier}
}
@techreport{mccall1977factors,
  title={Factors in Software Quality, Voll. I, II, III: Final Tech. Report},
  author={McCall, JA and Richards, PK and Walters, GF},
  year={1977},
  institution={RADC-TR-77-369, Rome Air Development Center, Air Force System Command~?}
}
@techreport{mccall1977factors,
  title={Factors in software quality. volume-iii. preliminary handbook on software quality for an acquisiton manager},
  author={McCall, Jim A and Richards, Paul K and Walters, Gene F},
  year={1977},
  institution={GENERAL ELECTRIC CO SUNNYVALE CA}
}
@article{chidamber1994metrics,
  title={A metrics suite for object oriented design},
  author={Chidamber, Shyam R and Kemerer, Chris F},
  journal={IEEE Transactions on software engineering},
  volume={20},
  number={6},
  pages={476--493},
  year={1994},
  publisher={IEEE}
}
@article{briand1998unified,
  title={A unified framework for cohesion measurement in object-oriented systems},
  author={Briand, Lionel C and Daly, John W and W{\"u}st, J{\"u}rgen},
  journal={Empirical Software Engineering},
  volume={3},
  number={1},
  pages={65--117},
  year={1998},
  publisher={Springer}
}
@article{briand1999unified,
  title={A unified framework for coupling measurement in object-oriented systems},
  author={Briand, Lionel C. and Daly, John W. and Wust, Jurgen K},
  journal={IEEE Transactions on software Engineering},
  volume={25},
  number={1},
  pages={91--121},
  year={1999},
  publisher={IEEE}
}
@article{basili1996validation,
  title={A validation of object-oriented design metrics as quality indicators},
  author={Basili, Victor R and Briand, Lionel C. and Melo, Walc{\'e}lio L},
  journal={IEEE Transactions on software engineering},
  volume={22},
  number={10},
  pages={751--761},
  year={1996},
  publisher={IEEE}
}
@book{zuse2013framework,
  title={A framework of software measurement},
  author={Zuse, Horst},
  year={2013},
  publisher={Walter de Gruyter}
}
@inproceedings{e1996evaluating,
  title={Evaluating the impact of object-oriented design on software quality},
  author={e Abreu, F Brito and Melo, Walcelio},
  booktitle={Proceedings of the 3rd international software metrics symposium},
  pages={90--99},
  year={1996},
  organization={IEEE}
}
@book{halstead1977elements,
  title={Elements of software science},
  author={Halstead, Maurice Howard and others},
  volume={7},
  year={1977},
  publisher={Elsevier New York}
}
@article{mccabe1976complexity,
  title={A complexity measure,Proceeding ICSE '76 Proceedings of the 2nd international conference on Software engineering},
  author={McCabe, Thomas J},
  journal={IEEE Transactions on software Engineering},
  number={4},
  pages={407},
  year={1976},
  publisher={IEEE Computer Society Press.}
}
@article{mccabe1989design,
  title={Design complexity measurement and testing},
  author={McCabe, Thomas J and Butler, Charles W},
  journal={Communications of the ACM},
  volume={32},
  number={12},
  pages={1415--1425},
  year={1989},
  publisher={ACM}
}
@article{weyuker1988evaluating,
  title={Evaluating software complexity measures},
  author={Weyuker, Elaine J},
  journal={IEEE transactions on Software Engineering},
  volume={14},
  number={9},
  pages={1357--1365},
  year={1988},
  publisher={IEEE}
}
@article{zuse1989software,
  title={Software metrics: using measurement theory to describe the properties and scales of static software complexity metrics},
  author={Zuse, Horst and Bollmann, Peter},
  journal={ACM Sigplan Notices},
  volume={24},
  number={8},
  pages={23--33},
  year={1989},
  publisher={ACM}
}
@article{mccabe1989design,
  title={Design complexity measurement and testing},
  author={McCabe, Thomas J and Butler, Charles W},
  journal={Communications of the ACM},
  volume={32},
  number={12},
  pages={1415--1425},
  year={1989},
  publisher={ACM}
}
@article{weyuker1988evaluating,
  title={Evaluating software complexity measures},
  author={Weyuker, Elaine J},
  journal={IEEE transactions on Software Engineering},
  volume={14},
  number={9},
  pages={1357--1365},
  year={1988},
  publisher={IEEE}
}
@article{zuse1989software,
  title={Software metrics: using measurement theory to describe the properties and scales of static software complexity metrics},
  author={Zuse, Horst and Bollmann, Peter},
  journal={ACM Sigplan Notices},
  volume={24},
  number={8},
  pages={23--33},
  year={1989},
  publisher={ACM}
}
@incollection{zuse1992measurement,
  title={Measurement theory and software measures},
  author={Zuse, Horst and Bollmann-Sdorra, Peter},
  booktitle={Formal Aspects of Measurement},
  pages={219--259},
  year={1992},
  publisher={Springer}
}
@book{zuse2013framework,
  title={A framework of software measurement},
  author={Zuse, Horst},
  year={2013},
  publisher={Walter de Gruyter}
}
@article{konrad1991software,
  title={Software metrics, measurement theory, and viewpoints},
  author={Konrad, Erhard},
  journal={ACM SIGPLAN Notices},
  volume={26},
  number={3},
  pages={53--62},
  year={1991},
  publisher={ACM}
}
@article{barry1981software,
  title={Software engineering economics},
  author={Barry, Boehm and others},
  journal={New York},
  volume={197},
  year={1981}
}
@article{bieman1996metric,
  title={Metric development for object-oriented software},
  author={Bieman, James M},
  journal={Software Measurement: Understanding Software Engineering},
  pages={75--92},
  year={1996},
  publisher={Citeseer}
}
@inproceedings{serebrenik2010theil,
  title={Theil index for aggregation of software metrics values},
  author={Serebrenik, Alexander and van den Brand, Mark},
  booktitle={2010 IEEE International Conference on Software Maintenance},
  pages={1--9},
  year={2010},
  organization={IEEE}
}
@article{vasilescu2010comparative,
  title={Comparative study of software metrics? aggregation techniques},
  author={Vasilescu, Bogdan and Serebrenik, Alexander and van den Brand, Mark},
  journal={Proceedings of the International Worskhop Benevol},
  volume={2010},
  year={2010}
}
@article{marr2016short,
  title={A short history of machine learning--every manager should read},
  author={Marr, Bernard},
  journal={Forbes. http://tinyurl. com/gslvr6k},
  year={2016}
}
@article{bradski2005learning,
  title={Learning-based computer vision with intel's open source computer vision library.},
  author={Bradski, Gary and Kaehler, Adrian and Pisarevsky, Vadim},
  journal={Intel technology journal},
  volume={9},
  number={2},
  year={2005}
}
@inproceedings{chan1998toward,
  title={Toward Scalable Learning with Non-Uniform Class and Cost Distributions: A Case Study in Credit Card Fraud Detection.},
  author={Chan, Philip K and Stolfo, Salvatore J},
  booktitle={KDD},
  volume={1998},
  pages={164--168},
  year={1998}
}
@misc{huang2008web,
  title={Web-based targeted advertising in a brick-and-mortar retail establishment using online customer information},
  author={Huang, Xuedong D and Gates, William H and Horvitz, Eric J and Goodman, Joshua T and Brunell, Bradly A and Dumais, Susan T and Flake, Gary W and Griffin, Trenholme J and Hurst-Hiller, Oliver},
  year={2008},
  month=jan # "~3",
  publisher={Google Patents},
  note={US Patent App. 11/427,764}
}
@article{kononenko2001machine,
  title={Machine learning for medical diagnosis: history, state of the art and perspective},
  author={Kononenko, Igor},
  journal={Artificial Intelligence in medicine},
  volume={23},
  number={1},
  pages={89--109},
  year={2001},
  publisher={Elsevier}
}
@book{russell2016artificial,
  title={Artificial intelligence: a modern approach},
  author={Russell, Stuart J and Norvig, Peter},
  year={2016},
  publisher={Malaysia; Pearson Education Limited,}
}
@article{hechenbichler2004weighted,
  title={Weighted k-nearest-neighbor techniques and ordinal classification},
  author={Hechenbichler, Klaus and Schliep, Klaus},
  year={2004}
}
@article{hong2006use,
  title={Use of knn for the netflix prize},
  author={Hong, Ted and Tsamis, Dimitris},
  journal={CS229 Projects},
  year={2006}
}
@article{domingos1997optimality,
  title={On the optimality of the simple Bayesian classifier under zero-one loss},
  author={Domingos, Pedro and Pazzani, Michael},
  journal={Machine learning},
  volume={29},
  number={2-3},
  pages={103--130},
  year={1997},
  publisher={Springer}
}
@inproceedings{rish2001empirical,
  title={An empirical study of the naive Bayes classifier},
  author={Rish, Irina and others},
  booktitle={IJCAI 2001 workshop on empirical methods in artificial intelligence},
  volume={3},
  number={22},
  pages={41--46},
  year={2001}
}
@article{shannon1948w,
  title={W.:(1949) The Mathematical Theory of Communication},
  author={Shannon, CE--Weaver},
  journal={Press UoI, editor},
  year={1948}
}
@book{russell2016artificial,
  title={Artificial intelligence: a modern approach},
  author={Russell, Stuart J and Norvig, Peter},
  year={2016},
  publisher={Malaysia; Pearson Education Limited,}
}
@inproceedings{boser1992training,
  title={A training algorithm for optimal margin classifiers},
  author={Boser, Bernhard E and Guyon, Isabelle M and Vapnik, Vladimir N},
  booktitle={Proceedings of the fifth annual workshop on Computational learning theory},
  pages={144--152},
  year={1992},
  organization={ACM}
}
@book{vapnik2006estimation,
  title={Estimation of dependences based on empirical data},
  author={Vapnik, Vladimir},
  year={2006},
  publisher={Springer Science \& Business Media}
}
@article{mercer1909xvi,
  title={Xvi. functions of positive and negative type, and their connection the theory of integral equations},
  author={Mercer, James},
  journal={Philosophical transactions of the royal society of London. Series A, containing papers of a mathematical or physical character},
  volume={209},
  number={441-458},
  pages={415--446},
  year={1909},
  publisher={The Royal Society London}
}
@article{fenton1999critique,
  title={A critique of software defect prediction models},
  author={Fenton, Norman E and Neil, Martin},
  journal={IEEE Transactions on software engineering},
  volume={25},
  number={5},
  pages={675--689},
  year={1999},
  publisher={IEEE}
}
@article{khoshgoftaar1996early,
  title={Early quality prediction: A case study in telecommunications},
  author={Khoshgoftaar, Taghi M. and Allen, Edward B. and Kalaichelvan, Kalai S and Goel, Nishith},
  journal={IEEE Software},
  volume={13},
  number={1},
  pages={65--71},
  year={1996},
  publisher={IEEE}
}
@inproceedings{khoshgoftaar1999assessing,
  title={Assessing uncertain predictions of software quality},
  author={Khoshgoftaar, Taghi M and Allen, Edward B and Yuan, Xiaojing and Jones, Wendell D and Hudepohl, John P},
  booktitle={Proceedings Sixth International Software Metrics Symposium (Cat. No. PR00403)},
  pages={159--168},
  year={1999},
  organization={IEEE}
}
@article{barry1981software,
  title={Software engineering economics},
  author={Barry, Boehm and others},
  journal={New York},
  volume={197},
  year={1981}
}
@inproceedings{clark1998calibrating,
  title={Calibrating the COCOMO II post-architecture model},
  author={Clark, Bradford and Devnani-Chulani, Sunita and Boehm, Barry},
  booktitle={Proceedings of the 20th international conference on Software engineering},
  pages={477--480},
  year={1998},
  organization={IEEE}
}
@article{fenton1999critique,
  title={A critique of software defect prediction models},
  author={Fenton, Norman E and Neil, Martin},
  journal={IEEE Transactions on software engineering},
  volume={25},
  number={5},
  pages={675--689},
  year={1999},
  publisher={IEEE}
}
@article{khoshgoftaar1996early,
  title={Early quality prediction: A case study in telecommunications},
  author={Khoshgoftaar, Taghi M. and Allen, Edward B. and Kalaichelvan, Kalai S and Goel, Nishith},
  journal={IEEE Software},
  volume={13},
  number={1},
  pages={65--71},
  year={1996},
  publisher={IEEE}
}
@inproceedings{khoshgoftaar1999assessing,
  title={Assessing uncertain predictions of software quality},
  author={Khoshgoftaar, Taghi M and Allen, Edward B and Yuan, Xiaojing and Jones, Wendell D and Hudepohl, John P},
  booktitle={Proceedings Sixth International Software Metrics Symposium (Cat. No. PR00403)},
  pages={159--168},
  year={1999},
  organization={IEEE}
}
@inproceedings{clark1998calibrating,
  title={Calibrating the COCOMO II post-architecture model},
  author={Clark, Bradford and Devnani-Chulani, Sunita and Boehm, Barry},
  booktitle={Proceedings of the 20th international conference on Software engineering},
  pages={477--480},
  year={1998},
  organization={IEEE}
}
@article{chulani1999bayesian,
  title={Bayesian analysis of empirical software engineering cost models},
  author={Chulani, Sunita and Boehm, Barry and Steece, Bert},
  journal={IEEE Transactions on Software Engineering},
  volume={25},
  number={4},
  pages={573--583},
  year={1999},
  publisher={IEEE}
}
@article{chulani1999calibrating,
  title={Calibrating software cost models using bayesian analysis},
  author={Chulani, Sunita and Boehm, Barry and Steece, Bert},
  journal={IEEE Transactions on Software Engineering},
  volume={573583},
  year={1999}
}

@article{boehm2000software,
  title={Software development cost estimation approaches?A survey},
  author={Boehm, Barry and Abts, Chris and Chulani, Sunita},
  journal={Annals of software engineering},
  volume={10},
  number={1-4},
  pages={177--205},
  year={2000},
  publisher={Springer}
}
@article{fenton2000quantitative,
  title={Quantitative analysis of faults and failures in a complex software system},
  author={Fenton, Norman E. and Ohlsson, Niclas},
  journal={IEEE Transactions on Software engineering},
  volume={26},
  number={8},
  pages={797--814},
  year={2000},
  publisher={IEEE}
}
@article{fenton2002software,
  title={Software measurement: Uncertainty and causal modeling},
  author={Fenton, Norman and Krause, Paul and Neil, Martin},
  journal={IEEE software},
  volume={19},
  number={4},
  pages={116--122},
  year={2002},
  publisher={IEEE}
}
@inproceedings{neil1996predicting,
  title={Predicting software quality using Bayesian belief networks},
  author={Neil, Martin and Fenton, Norman},
  booktitle={Proceedings of the 21st Annual Software Engineering Workshop},
  pages={217--230},
  year={1996},
  organization={NASA Goddard Space Flight Centre}
}
@article{fenton1999critique,
  title={A critique of software defect prediction models},
  author={Fenton, Norman E and Neil, Martin},
  journal={IEEE Transactions on software engineering},
  volume={25},
  number={5},
  pages={675--689},
  year={1999},
  publisher={IEEE}
}
@article{fenton2000quantitative,
  title={Quantitative analysis of faults and failures in a complex software system},
  author={Fenton, Norman E. and Ohlsson, Niclas},
  journal={IEEE Transactions on Software engineering},
  volume={26},
  number={8},
  pages={797--814},
  year={2000},
  publisher={IEEE}
}
@inproceedings{khoshgoftaar1997predicting,
  title={Predicting fault-prone modules with case-based reasoning},
  author={Khoshgoftaar, Taghi M and Ganesan, K and Allen, Edward B and Ross, Fletcher D and Munikoti, Rama and Goel, Nishith and Nandi, Amit},
  booktitle={Proceedings the eighth international symposium on software reliability engineering},
  pages={27--35},
  year={1997},
  organization={IEEE}
}
@inproceedings{khoshgoftaar2000predicting,
  title={Predicting testability of program modules using a neural network},
  author={Khoshgoftaar, Taghi M and Allen, Edward B and Xu, Zhiwei},
  booktitle={Proceedings 3rd IEEE Symposium on Application-Specific Systems and Software Engineering Technology},
  pages={57--62},
  year={2000},
  organization={IEEE}
}
@inproceedings{khoshgoftaar2002tree,
  title={Tree-based software quality estimation models for fault prediction},
  author={Khoshgoftaar, Taghi M and Seliya, Naeem},
  booktitle={Proceedings Eighth IEEE Symposium on Software Metrics},
  pages={203--214},
  year={2002},
  organization={IEEE}
}
@inproceedings{liu2001genetic,
  title={Genetic programming model for software quality classification},
  author={Liu, Yi and Khoshgoftaar, Taghi M},
  booktitle={Proceedings Sixth IEEE International Symposium on High Assurance Systems Engineering. Special Topic: Impact of Networking},
  pages={127--136},
  year={2001},
  organization={IEEE}
}
@inproceedings{khoshgoftaar2000improving,
  title={Improving tree-based models of software quality with principal components analysis},
  author={Khoshgoftaar, Taghi M and Shan, Ruqun and Allen, Edward B},
  booktitle={Proceedings 11th International Symposium on Software Reliability Engineering. ISSRE 2000},
  pages={198--209},
  year={2000},
  organization={IEEE}
}
@inproceedings{liu2001genetic,
  title={Genetic programming model for software quality classification},
  author={Liu, Yi and Khoshgoftaar, Taghi M},
  booktitle={Proceedings Sixth IEEE International Symposium on High Assurance Systems Engineering. Special Topic: Impact of Networking},
  pages={127--136},
  year={2001},
  organization={IEEE}
}
@inproceedings{khoshgoftaar2003genetic,
  title={Genetic programming-based decision trees for software quality classification},
  author={Khoshgoftaar, Taghi M and Seliya, Naeem and Liu, Yi},
  booktitle={Proceedings. 15th IEEE International Conference on Tools with Artificial Intelligence},
  pages={374--383},
  year={2003},
  organization={IEEE}
}
@inproceedings{neil1996predicting,
  title={Predicting software quality using Bayesian belief networks},
  author={Neil, Martin and Fenton, Norman},
  booktitle={Proceedings of the 21st Annual Software Engineering Workshop},
  pages={217--230},
  year={1996},
  organization={NASA Goddard Space Flight Centre}
}
@inproceedings{khoshgoftaar1997predicting,
  title={Predicting fault-prone modules with case-based reasoning},
  author={Khoshgoftaar, Taghi M and Ganesan, K and Allen, Edward B and Ross, Fletcher D and Munikoti, Rama and Goel, Nishith and Nandi, Amit},
  booktitle={Proceedings the eighth international symposium on software reliability engineering},
  pages={27--35},
  year={1997},
  organization={IEEE}
}
@inproceedings{khoshgoftaar2000improving,
  title={Improving tree-based models of software quality with principal components analysis},
  author={Khoshgoftaar, Taghi M and Shan, Ruqun and Allen, Edward B},
  booktitle={Proceedings 11th International Symposium on Software Reliability Engineering. ISSRE 2000},
  pages={198--209},
  year={2000},
  organization={IEEE}
}
@inproceedings{sahraoui2002fuzzy,
  title={A fuzzy logic framework to improve the performance and interpretation of rule-based quality prediction models for oo software},
  author={Sahraoui, Houari A and Boukadoum, Mounir and Chawiche, Hassan M and Mai, Gang and Serhani, Mohamed},
  booktitle={Proceedings 26th Annual International Computer Software and Applications},
  pages={131--138},
  year={2002},
  organization={IEEE}
}